@book{dragon_book,
  title={Compilers: Principles, Techniques, and Tools},
  author={Aho, A.V. and Lam, M.S. and Sethi, R. and Ullman, J.D.},
  isbn={9780321547989},
  series={Alternative eText Formats Series},
  url={https://books.google.co.uk/books?id=WomBPgAACAAJ},
  year={2007},
  publisher={Addison-Wesley}
}

@book{rust_book,
  title={The Rust Programming Language, 2nd Edition},
  author={Klabnik, S. and Nichols, C.},
  isbn={9781718503113},
  url={https://books.google.co.uk/books?id=a8l9EAAAQBAJ},
  year={2023},
  publisher={No Starch Press}
}